@inproceedings{le2014distributed,
  title={Distributed representations of sentences and documents},
  author={Le, Quoc and Mikolov, Tomas},
  booktitle={International conference on machine learning},
  pages={1188--1196},
  year={2014},
  organization={PMLR}
}

@misc{roochio,
    title = {Rocchio algorithm},
    month = jun,
    year = {2022},
    howpublished = "\url{https://en.wikipedia.org/wiki/Rocchio_algorithm}"
}

@misc{ms,
    title = {Method most_similar},
    month = jun,
    year = {2022},
    howpublished = "\url{https://radimrehurek.com/gensim/models/keyedvectors.html#gensim.models.keyedvectors.KeyedVectors.most_similar}"
}
